@inproceedings{overcite,
  title = {OverCite: A Distributed, Cooperative CiteSeer},
  author = {Jeremy Stribling and Jinyang Li and Isaac G. Councill and M. Frans
    Kaashoek and Robert Morris},
  booktitle = "Proc. of the 3rd NSDI",
  year = {2006},
  month = {May},
}
