@article{dan11,
  title={Reverse Social Engineering Attacks in Online Social Networks},
  author={Irani, D. and Balduzzi, M. and Balzarotti, D. and Kirda, E. and Pu, C.},
  journal={Detection of Intrusions and Malware, and Vulnerability Assessment (DIMVA)},
  year={2011},
  publisher={Springer}
}

@article{whkk10, 
  title={A Practical Attack to De-Anonymize Social Network Users}, 
  volume={0}, 
  url={http://ieeexplore.ieee.org/lpdocs/epic03/wrapper.htm?arnumber=5504716},
  number={2},
  journal={2010 IEEE Symposium on Security and Privacy},
  publisher={IEEE},
  author={Wondracek, Gilbert and Holz, Thorsten and Kirda, Engin and Kruegel, Christopher},
  year={2010},
  pages={223--238}
}


@article{Boshmaf:264,
  author       = "Yazan Boshmaf and Ildar Muslukhov and Konstantin Beznosov and Matei Ripeanu",
  title        = "The Socialbot Network: When Bots Socialize for Fame and Money",
  month        = "Sep",
  year         = "2011",
}

@article{social-media-risks,
  author      = {{Ponemon Institute LLC}},
  title       = {Global Survey on Social Media Risks},
  month       = {Sep},
  year        = {2011}
}

@misc{combating-data-leaks,
  author      = {Alexei Lesnykh},
  title       = {Combating Data Leak Risks from Social Media},
  howpublished= "\url{http://www.businesscomputingworld.co.uk/combating-data-leak-risks-from-social-media/}",
  note        = "[Online; accessed 19-March-2012]"
}

@misc{google-privacy,
  author = {},
  title = {Google Privacy},
  howpublished = "\url{http://www.google.com/policies/privacy/}",
  year = {2012},
  note = "[Online; accessed 13-March-2012]"
}

@misc{facebook-app-privacy,
  author = {},
  title = {Facebook platform policy},
  howpublished = "\url{http://developers.facebook.com/policy/}",
  year = {2012},
  note = "[Online; accessed 14-March-2012]"
}
@misc{poll-dataleak,
  author = {},
  title = {Consumer Reports: ‘Social Insecurity’},
  howpublished = "\url{http://gesterling.wordpress.com/2010/05/05/consumer-reports-social-insecurity/}",
  year = {2012},
  note = "[Online; accessed 14-March-2012]"
}

@book{handbook,
  editor    = {Borko Furht},
  title     = {Handbook of Social Network Technologies and Applications},
  booktitle = {Handbook of Social Network Technologies},
  publisher = {Springer},
  year      = {2010},
  isbn      = {978-1-4419-7141-8},
}


@misc{facebook-baidu,
  author = {},
  title = {Facebook To Launch {China} Site With {Baidu}, Says {Sohu}},
  howpublished = "\url{http://www.huffingtonpost.com/2011/04/11/facebook-china-baidu-deal_n_847327.html}",
  year = {2012},
  note = "[Online; accessed 14-March-2012]"
}

@misc{europe-facebook,
  author = {},
  title = {Blanket {EU} Privacy Regulation Could Make {Facebook} break a sweat},
  howpublished = "\url{http://www.technewsworld.com/rsstory/73843.html}",
  year = {2012},
  note = "[Online; accessed 14-March-2012]"
}

@misc{spyw,
  author = {},
  title = {Search, plus Your World},
  howpublished = "\url{http://googleblog.blogspot.com/2012/01/search-plus-your-world.html}",
  year = {2012},
  note = "[Online; accessed 14-March-2012]"
}

@misc{facebook-people,
  author = {Facebook},
  title = {Fact Sheet},
  howpublished = "\url{https://newsroom.fb.com}",
  year = {2012},
  note = "[Online; accessed 14-March-2012]"
}

@misc{facebook-eff,
  author = {},
  title = {Facebook's New Privacy Changes: The Good, The Bad, and The Ugly},
  howpublished = "\url{https://www.eff.org/deeplinks/2009/12/facebooks-new-privacy-changes-good-bad-and-ugly}",
  year = {2012},
  note = "[Online; accessed 14-March-2012]"
}

@misc{youtube,
  author = {},
  title = {YouTube Architecture},
  howpublished = "\url{http://highscalability.com/youtube-architecture}",
  year = {2012},
  note = "[Online; accessed 14-March-2012]"
}

@misc{google-plus-third,
  author = {Google Inc.},
  title = {Stepping Onto the Google+ Platform},
  howpublished = "\url{http://googleplusplatform.blogspot.fr/2011/08/stepping-onto-google-platform.html}",
  year = {2012},
  note = "[Online; accessed 14-March-2012]"
}

@misc{facebook-delete-data,
  author = {},
  title = {How Sticky Is Membership on {Facebook}? Just Try Breaking Free},
  howpublished = "\url{http://www.nytimes.com/2008/02/11/technology/11facebook.html}",
  year = {2012},
  note = "[Online; accessed 14-March-2012]"
}

@misc{facebook-lists,
  author = {Facebook},
  title = {Lists for Friends},
  howpublished = "\url{http://www.facebook.com/help/friends/lists}",
  year = {2012},
  note = "[Online; accessed 14-March-2012]"
}

@article{facebook-user-privacy,
  author = {Jennifer Hendry and Kay Goodall},
  title = {Facebook and the Commercialisation of Personal Information: Some Questions of Provider-to-User Privacy},
}

@article{online-privacy-threats,
  author = {Canadian Internet Policy and Public Interest Clinic},
  title = {Online Privacy Threats: A Review and Analysis of Current Threats},
}

@article{facebook-privacy-issue,
  author = {Gordon Hull and Heather Richter Lipford and Celine Latulipe},
  title = {Contextual gaps: privacy issues on {Facebook}},
}

@misc{google-plus-annonce,
  author = {Google Inc.},
  title = {Introducing the {Google+} project: real-life sharing, rethought for the web},
  howpublished = "\url{http://googleblog.blogspot.fr/2011/06/introducing-google-project-real-life.html}",
  year = {2012},
  note = "[online; accessed 14-march-2012]"
}

@misc{facebook-uptime,
  author = {Tech Crunch},
  title = {Worlds Collide: {Twitter} Has More Uptime Than {Facebook}},
  howpublished = "\url{http://techcrunch.com/2010/01/04/twitter-uptime-facebook/}",
  year = {2012},
  note = "[online; accessed 14-march-2012]"
}

@misc{facebook-subscribe,
  author = {Facebook},
  title = {Introducing the Subscribe Button},
  howpublished = "\url{https://www.facebook.com/about/subscribe}",
  year = {2012},
  note = "[Online; accessed 14-March-2012]"
}

@misc{google+-circles,
  author = {Google Inc.},
  title = {Real-life sharing, rethought for the web.},
  howpublished = "\url{https://www.google.com/+/learnmore/}",
  year = {2012},
  note = "[Online; accessed 14-March-2012]"
}

@misc{facebook-smart-lists,
  author = {Facebook},
  title = {Improved Friend Lists},
  howpublished = "\url{https://blog.facebook.com/blog.php?post=10150278932602131}",
  year = {2012},
  note = "[Online; accessed 14-March-2012]"
}

@misc{buzz-fail,
  author = {Business Insider},
  title = {WARNING: {Google Buzz} Has A Huge Privacy Flaw},
  howpublished = "\url{http://www.businessinsider.com/warning-google-buzz-has-a-huge-privacy-flaw-2010-2}",
  year = {2012},
  note = "[Online; accessed 14-March-2012]"
}

@misc{linkedin-stats,
  author = {Linkedin Inc.},
  title = {About Us},
  howpublished = "\url{http://press.linkedin.com/about}",
  year = {2012},
  note = "[Online; accessed 14-March-2012]"
}

@misc{truste,
  author = {TRUSTe},
  title = {{TRUSTe}},
  howpublished = "\url{http://www.truste.com/}",
  year = {2012},
  note = "[Online; accessed 14-March-2012]"
}

@techreport{vis-a-vis,
  author = {Shakimov, Amre and Lim, H. and Cox, Landon P. and Caceres, Ramon},
  institution = {Duke University},
  title = {Vis-à-Vis: Online Social Networking via Virtual Individual Servers},
  year = {2008}
}

@misc{dlp-whitepaper,
  author = {Zecurion},
  title = {White paper {DLP}},
  howpublished = "\url{http://www.zecurion.com/uploads/Don't%20Let%20Your%20Sensitive%20Information%20Leak%20onto%20Social%20Networks.pdf}",
  year = {2012},
  note = "[Online; accessed 14-March-2012]"
}

@inproceedings{safebook,
  year =        {2011},
  title =       {{S}afebook : {A} distributed privacy preserving online social network},
  author =      {{C}utillo, {L}eucio {A}ntonio and  {M}olva, {R}efik and  {Ö}nen, {M}elek },
  booktitle =   {{W}ow{M}om 2011, {IEEE} {I}nternational {S}ymposium on a {W}orld of {W}ireless {M}obile and {M}ultimedia {N}etworks, {J}une 20-24, 2011, {L}ucca, {I}taly}
  }

@INPROCEEDINGS{privacy-jungle,
    author = {Joseph Bonneau and Sören Preibusch},
    title = {The privacy jungle: On the market for data protection in social networks},
    booktitle = {The Eighth Workshop on the Economics of Information Security (WEIS 2009)},
    year = {2009}
}
