@INPROCEEDINGS{ja_ko_mascots09,
    AUTHOR = { B. Javadi and D. Kondo and JM. Vincent and D.P. Anderson },
    TITLE = { Mining for Statistical Availability Models in Large-Scale Distributed Systems: An Empirical Study of SETI@home },
    BOOKTITLE = { 17th IEEE/ACM International Symposium on Modelling, Analysis and Simulation of Computer and Telecommunication Systems (MASCOTS) },
    MONTH = { September },
    YEAR = { 2009 },
    URL = { http://mescal.imag.fr/membres/derrick.kondo/pubs/javadi_mascots09.pdf },
}
