@inproceedings{overcite,
  title = {OverCite: A Distributed, Cooperative CiteSeer},
  author = {Jeremy Stribling and Jinyang Li and Isaac G. Councill and M. Frans
    Kaashoek and Robert Morris},
  booktitle = "Proc. of the 3rd NSDI",
  year = {2006},
  month = {May},
}

@ARTICLE{Lawrence99digitallibraries,
    author = {Steve Lawrence and C. Lee Giles and Kurt Bollacker},
    title = {Digital libraries and autonomous citation indexing},
    journal = {IEEE COMPUTER},
    year = {1999},
    volume = {32},
    number = {6},
    pages = {67--71}
}

@INPROCEEDINGS{Reynolds_efficientpeer-to-peer,
    author = {Patrick Reynolds and Amin Vahdat},
    title = {Efficient Peer-to-Peer Keyword Searching},
    booktitle = {},
    year = {},
    pages = {21--40}
}

@INPROCEEDINGS{Yang02improvingsearch,
    author = {Beverly Yang and Hector Garcia-molina},
    title = {Improving search in peer-to-peer networks},
    booktitle = {},
    year = {2002},
    pages = {5--14}
}

@MISC{Cohen03incentivesbuild,
    author = {Bram Cohen},
    title = {Incentives Build Robustness in BitTorrent},
    year = {2003}
}

@article{Rhea:2005:OPD:1090191.1080102,
 author = {Rhea, Sean and Godfrey, Brighten and Karp, Brad and Kubiatowicz, John and Ratnasamy, Sylvia and Shenker, Scott and Stoica, Ion and Yu, Harlan},
 title = {OpenDHT: a public DHT service and its uses},
 journal = {SIGCOMM Comput. Commun. Rev.},
 issue_date = {October 2005},
 volume = {35},
 issue = {4},
 month = {August},
 year = {2005},
 issn = {0146-4833},
 pages = {73--84},
 numpages = {12},
 url = {http://doi.acm.org/10.1145/1090191.1080102},
 doi = {http://doi.acm.org/10.1145/1090191.1080102},
 acmid = {1080102},
 publisher = {ACM},
 address = {New York, NY, USA},
 keywords = {distributed hash table, peer-to-peer, resource allocation},
}
