@article{main,
  author = {Cliff C. Zou, Ryan Cunningham},
  title = {Honeypot-Aware Advanced Botnet Construction and Maintenance},
}

@article{botnet,
  year = {2005},
  website = {http://www.honeynet.org/papers/bots},
  title = {H. Project. Know your enemy: Tracking botnets}
}

@article{virus,
  title = {CERT. CERT/CC advisories}
  website = {http://www.cert.org/advisories/}
}

%% TEMPLATE %%

%@ARTICLE{Lawrence99digitallibraries,
  %  author = {Steve Lawrence and C. Lee Giles and Kurt Bollacker},
  %  title = {Digital libraries and autonomous citation indexing},
  %  journal = {IEEE COMPUTER},
  %  year = {1999},
  %  volume = {32},
  %  number = {6},
  %  pages = {67--71}
  %}

